<record><leader>00000cas a2200000 a 4500</leader><controlfield tag="001">11632583</controlfield><controlfield tag="008">850129d18911907iauir n       0    0eng c</controlfield><datafield ind1=" " ind2=" " tag="010"><subfield code="a">sn 84045113 </subfield></datafield><datafield ind1=" " ind2=" " tag="040"><subfield code="a">INP</subfield><subfield code="b">eng</subfield><subfield code="c">INP</subfield><subfield code="d">NVF</subfield><subfield code="d">OCLCQ</subfield><subfield code="d">OCLCF</subfield><subfield code="d">OCLCO</subfield></datafield><datafield ind1="1" ind2=" " tag="029"><subfield code="a">AU@</subfield><subfield code="b">000020351030</subfield></datafield><datafield ind1=" " ind2=" " tag="042"><subfield code="a">pcc</subfield></datafield><datafield ind1=" " ind2=" " tag="043"><subfield code="a">n-us-ia</subfield></datafield><datafield ind1="0" ind2=" " tag="130"><subfield code="a">Iowa citizen (Iowa City, Iowa)</subfield></datafield><datafield ind1="1" ind2="4" tag="245"><subfield code="a">The Iowa citizen.</subfield></datafield><datafield ind1=" " ind2=" " tag="260"><subfield code="a">Iowa City, Iowa :</subfield><subfield code="b">F.H. Bowersock &amp; H. Remley,</subfield><subfield code="c">1891-1907.</subfield></datafield><datafield ind1=" " ind2=" " tag="300"><subfield code="a">v.</subfield></datafield><datafield ind1=" " ind2=" " tag="310"><subfield code="a">Triweekly,</subfield><subfield code="b">Aug. 1, 1902-Dec. 18, 1907</subfield></datafield><datafield ind1=" " ind2=" " tag="321"><subfield code="a">Weekly,</subfield><subfield code="b">Jan. 23, 1891-July 25, 1902</subfield></datafield><datafield ind1="0" ind2=" " tag="362"><subfield code="a">1st year, no. 1 (Jan. 23, 1891)-17th year, no. 144 (Dec. 18, 1907).</subfield></datafield><datafield ind1=" " ind2=" " tag="500"><subfield code="a">Publishers: F.H. Bowersock &amp; H. Remley, Jan. 23-Mar. 27, 1891; The Citizen Co., Apr. 3-June 19, 1891; Hubert Remley, June 26, 1891-Aug. 25, 1893; The Citizen Co., Sept. 1, 1893-Mar. 9, 1900; The Iowa Citizen Pub. Co., Mar. 16, 1900-Dec. 18, 1907.</subfield></datafield><datafield ind1=" " ind2="0" tag="651"><subfield code="a">Iowa City (Iowa)</subfield><subfield code="v">Newspapers.</subfield></datafield><datafield ind1=" " ind2="7" tag="655"><subfield code="a">Newspapers.</subfield><subfield code="2">fast</subfield><subfield code="0">(OCoLC)fst01423814</subfield></datafield><datafield ind1=" " ind2="7" tag="651"><subfield code="a">Iowa</subfield><subfield code="z">Iowa City.</subfield><subfield code="2">fast</subfield><subfield code="0">(OCoLC)fst01208636</subfield></datafield><datafield ind1=" " ind2=" " tag="752"><subfield code="a">United States</subfield><subfield code="b">Iowa</subfield><subfield code="c">Johnson</subfield><subfield code="d">Iowa City.</subfield></datafield><datafield ind1="0" ind2=" " tag="775"><subfield code="t">Daily citizen (Iowa City, Iowa)</subfield><subfield code="w">(DLC)sn 84045114</subfield><subfield code="w">(OCoLC)11632563</subfield></datafield><datafield ind1="0" ind2="0" tag="785"><subfield code="t">Iowa City citizen</subfield><subfield code="w">(DLC)sn 84045115</subfield><subfield code="w">(OCoLC)11632598</subfield></datafield></record>